@book{sedgewick,
  title={{Algorithms in C: Graph Algorithms}},
  author={Sedgewick, R.},
}

@book{schildt,
  title={{C - completo e total}},
  author={Schildt, H.},
  year={1990},
}
